@misc{zhadan2018artificial,
  title={Artificial Intelligence Adaptation in Video Games},
  author={Zhadan, Anastasiia},
  year={2018}
}

@article{charles2005player,
  title={Player-centred game design: Player modelling and adaptive digital games},
  author={Charles, Darryl and McNeill, Michael and McAlister, Moira and Black, Michaela and Moore, Adrian and Stringer, Karl and K{\"u}cklich, Julian and Kerr, Aphra},
  year={2005},
  publisher={Digital Games Research Association: DiGRA}
}

@book{spronck2005adaptive,
  title={Adaptive game AI},
  author={Spronck, Pieter Hubert Marie and others},
  volume={20},
  year={2005},
  publisher={UPM, Universitaire Pers Maastricht}
}

@article{yannakakis2013player,
  title={Player modeling},
  author={Yannakakis, Georgios N and Spronck, Pieter and Loiacono, Daniele and Andr{\'e}, Elisabeth},
  year={2013},
  publisher={Dagstuhl Publishing}
}

 @misc{thompson_l4d, title={In the Directors Chair: The AI of Left 4 Dead}, url={https://medium.com/@t2thompson/in-the-directors-chair-the-ai-of-left-4-dead-78f0d4fbf86a}, journal={Medium}, publisher={Medium}, author={Thompson, Tommy}, year={2017}, month={Sep}}

 @misc{thompson_fc3, title={The definition of [artificial] insanity: The systemic AI of Far Cry}, url={https://www.gamedeveloper.com/programming/the-definition-of-artificial-insanity-the-systemic-ai-of-far-cry}, journal={Game Developer}, author={Thompson, Tommy}, year={2017}, month={Oct}}

 @misc{gamasutra, title={The four Bartle types}, url={https://www.gamasutra.com/view/feature/6474/personality_and_play_styles_a_.php?print=1}, journal={Gamasutra}}

@article{lindberg2016detecting,
  title={Detecting Play and Learning Styles for Adaptive Educational Games.},
  author={Lindberg, Renny SN and Laine, Teemu Henrikki},
  booktitle={CSEDU (1)},
  pages={181--189},
  year={2016}
}